<record xmlns="http://www.loc.gov/MARC21/slim" xmlns:xsi="http://www.w3.org/2001/XMLSchema-instance" xsi:schemaLocation="http://www.loc.gov/MARC21/slim http://www.loc.gov/standards/marcxml/schema/MARC21slim.xsd"><leader>00791cz   2200217n  4500</leader><controlfield tag="001">oca00082039 </controlfield><controlfield tag="003">OCoLC</controlfield><controlfield tag="005">20051019135431.0</controlfield><controlfield tag="008">800930n| acannaab           |a aaa      </controlfield><datafield ind1=" " ind2=" " tag="010"><subfield code="a">n  50046906 </subfield></datafield><datafield ind1=" " ind2=" " tag="040"><subfield code="a">DLC</subfield><subfield code="c">DLC</subfield><subfield code="d">ESTC-NA</subfield><subfield code="d">DLC</subfield></datafield><datafield ind1=" " ind2="0" tag="053"><subfield code="a">PA8310.E45</subfield></datafield><datafield ind1="0" ind2=" " tag="100"><subfield code="a">Einhard,</subfield><subfield code="d">ca. 770-840</subfield></datafield><datafield ind1="0" ind2=" " tag="400"><subfield code="a">Ejnhart,</subfield><subfield code="d">ca. 770-840</subfield></datafield><datafield ind1="0" ind2=" " tag="400"><subfield code="a">Eginhard,</subfield><subfield code="d">ca. 770-840</subfield></datafield><datafield ind1="0" ind2=" " tag="400"><subfield code="a">Einhardus,</subfield><subfield code="d">ca. 770-840</subfield></datafield><datafield ind1="0" ind2=" " tag="400"><subfield code="a">Einhart,</subfield><subfield code="d">ca. 770-840</subfield></datafield><datafield ind1="0" ind2=" " tag="400"><subfield code="a">Eginardo,</subfield><subfield code="d">ca. 770-840</subfield></datafield><datafield ind1="1" ind2=" " tag="400"><subfield code="a">Einhardus, Paulus,</subfield><subfield code="d">ca. 770-840</subfield></datafield><datafield ind1=" " ind2=" " tag="670"><subfield code="a">Alegre Peyrón, J. M. Semblanza de Carlomagno en la Vita Karoli Magni imperatoris del cronista Eginardo, 1979 (subj.):</subfield><subfield code="b">t.p. (Eginardo)</subfield></datafield><datafield ind1=" " ind2=" " tag="670"><subfield code="a">Einhardus--a neuniknout budoucímu věku, 1999:</subfield><subfield code="b">t.p. (Einhardus) colophon (Paulus Einhardus)</subfield></datafield></record>